@ARTICLE{bender2004,
	AUTHOR = "A. Bender and R.C. Glen",
	TITLE = "Molecular similarity: A key technique in molecular informatics",
	JOURNAL = "Org.~Biomol.~Chem.",
	VOLUME = {2},
	NUMBER = {},
	PAGES = {3204--3218},
	YEAR = {2004}	}

@ARTICLE{horst2009,
	AUTHOR = "E. van der Horst and Y. Okuno and A. Bender and A.P. Ijzerman",
	TITLE = "Substructure Mining of {GPCR} Ligands Reveals Activity-Class Specific Functional Groups in an Unbiased Manner",
	JOURNAL = "J.~Chem.~Inf.~Model.",
	VOLUME = {49},
	NUMBER = {},
	PAGES = {348--360},
	YEAR = {2009}	}

@ARTICLE{wegner2006,
	AUTHOR = {J.K. Wegner and H. Fr\"{o}lich and H. Mielenz and A. Zell},
	TITLE = "Data and Graph Mining in Chemical Space for {ADME} and Activity Data Sets",
	JOURNAL = {{QSAR} Comb.~Sci.},
	VOLUME = {25},
	NUMBER = {},
	PAGES = {205--220},
	YEAR = {2006}	}

@ARTICLE{brown2009,
	AUTHOR = {N. Brown},
	TITLE = "Chemoinformatics - an introduction for computer scientists",
	JOURNAL = {{ACM} Comput.~Surv.},
	VOLUME = {41},
	NUMBER = {},
	PAGES = {1--38},
	YEAR = {2009}	}

@ARTICLE{rijnbeek2009,
	AUTHOR = {M. Rijnbeek and C. Steinbeck},
	TITLE = "An open source chemistry search engine for {O}racle",
	JOURNAL = {J.~Cheminf.},
	VOLUME = {1},
	NUMBER = {},
	PAGES = {17},
	YEAR = {2009}	}



@article{Berger2004,
	Author = {Berger, Franziska and Flamm, Christoph and Gleiss, Petra M and Leydold, Josef and Stadler, Peter F},
	Journal = {J.~Chem.~Inf.~Comput.~Sci.},
	Month = {Mar-Apr},
	Number = {2},
	Pages = {323--331},
	Title = {Counterexamples in chemical ring perception.},
	Volume = {44},
	Year = {2004}}

@article{Bioclipse2,
	Author = {Spjuth, Ola and Alvarsson, Jonathan and Berg, Arvid and Eklund, Martin and Kuhn, Stefan and Masak, Carl and Torrance, Gilleain and Wagener, Johannes and Willighagen, Egon L and Steinbeck, Christoph and Wikberg, Jarl E S},
	Journal = {{BMC} Bioinformatics},
	Pages = {397},
	Title = {Bioclipse 2: A scriptable integration platform for the life sciences.},
	Volume = {10},
	Year = {2009}}


@article{Steinbeck2006,
	Author = {C. Steinbeck and C. Hoppe and S. Kuhn and M. Floris and R. Guha and E. Willighagen},
	Journal = {Curr.~Pharm.~Des.},
	Pages = {2110--2120},
	Title = {Recent Developments of the Chemistry Development Kit ({CDK}) -- {A}n Open-Source {Java} Library for Chemo- and Bioinformatics},
	Volume = {12},
	Year = {2006}}


@INPROCEEDINGS{clark:pct,
	AUTHOR = "Malcolm Clark",
	TITLE = "Post Congress Tristesse",
	BOOKTITLE = "TeX90 Conference Proceedings",
	PAGES = "84-89",
	ORGANIZATION = "TeX Users Group",
	MONTH = "March", 
	YEAR = {1991}	}

@ARTICLE{herlihy:methodology,
	AUTHOR = "Maurice Herlihy",
	TITLE = "A Methodology for Implementing Highly Concurrent
	Data Objects",
	JOURNAL = {ACM Trans. Program. Lang. Syst.},
	VOLUME = {15},
	NUMBER = {5},
	PAGES = {745-770},
	MONTH = "November",
	YEAR = {1993}	}

@BOOK{faulon2010,
	AUTHOR = "J.-L. Faulon and A. Bender",
	TITLE = "Handbook of Cheminformatics Algorithms",
	PUBLISHER = "{CRC} Press",
	ADDRESS = "Boca Raton, Florida",
	YEAR = "2010"	}

@article{lapinsh2001,
    author = {Lapinsh, M.},
    citeulike-article-id = {9540237},
    citeulike-linkout-0 = {http://dx.doi.org/10.1016/S0304-4165(00)00187-2},
    citeulike-linkout-1 = {http://linkinghub.elsevier.com/retrieve/pii/S0304-4165(00)00187-2},
    day = {16},
    doi = {10.1016/S0304-4165(00)00187-2},
    issn = {03044165},
    journal = {Biochimica et Biophysica Acta (BBA) - General Subjects},
    keywords = {proteochemometrics},
    month = feb,
    number = {1-2},
    pages = {180--190},
    posted-at = {2011-07-13 06:48:33},
    priority = {2},
    title = {Development of proteo-chemometrics: a novel technology for the analysis of drug-receptor interactions},
    volume = {1525},
    year = {2001}
}

@article{kuhn2010,
    author = {Kuhn, Michael and Campillos, Monica and Letunic, Ivica and Jensen, Lars Juhl J. and Bork, Peer},
    citeulike-article-id = {6567205},
    citeulike-linkout-0 = {http://dx.doi.org/10.1038/msb.2009.98},
    citeulike-linkout-1 = {http://dx.doi.org/10.1038/msb200998},
    citeulike-linkout-2 = {http://www.ncbi.nlm.nih.gov/pmc/articles/PMC2824526/},
    citeulike-linkout-3 = {http://view.ncbi.nlm.nih.gov/pubmed/20087340},
    citeulike-linkout-4 = {http://www.hubmed.org/display.cgi?uids=20087340},
    day = {19},
    doi = {10.1038/msb.2009.98},
    issn = {1744-4292},
    journal = {Molecular systems biology},
    keywords = {drugs, medicine, side\_effect},
    month = jan,
    pmcid = {PMC2824526},
    pmid = {20087340},
    posted-at = {2011-05-16 06:30:16},
    priority = {2},
    publisher = {Nature Publishing Group},
    title = {A side effect resource to capture phenotypic effects of drugs.},
    url = {http://dx.doi.org/10.1038/msb.2009.98},
    volume = {6},
    year = {2010}
}


@BOOK{todeschini2000,
  title = {Handbook of Molecular Descriptors},
  publisher = {Wiley-VCH},
  year = {2000},
  author = {Todeschini, R. and Consonni, V.},
  volume = {11},
  series = {Methods and Principles in Medicinal Chemistry},
  address = {New York}
}

@article{steinbeck2003,
    address = {Max-Planck-Institute of Chemical Ecology, Jena, Germany. c.steinbeck@uni-koeln.de},
    author = {Steinbeck, C. and Han, Y. and Kuhn, S. and Horlacher, O. and Luttmann, E. and Willighagen, E.},
    citeulike-article-id = {423382},
    citeulike-linkout-0 = {http://dx.doi.org/10.1021/ci025584y},
    citeulike-linkout-1 = {http://pubs.acs.org/doi/abs/10.1021/ci025584y},
    citeulike-linkout-2 = {http://view.ncbi.nlm.nih.gov/pubmed/12653513},
    citeulike-linkout-3 = {http://www.hubmed.org/display.cgi?uids=12653513},
    day = {1},
    doi = {10.1021/ci025584y},
    issn = {0095-2338},
    journal = {Journal of Chemical Information and Computer Sciences},
    keywords = {cheminformatics, cito--cites--1375511, cito--definesmethodusedby--8972090, java, opensource, papers},
    month = mar,
    number = {2},
    pages = {493--500},
    pmid = {12653513},
    posted-at = {2007-06-09 09:31:09},
    priority = {0},
    title = {The Chemistry Development Kit ({CDK}):â€‰ An {Open-Source} Java Library for Chemo- and Bioinformatics},
    url = {http://dx.doi.org/10.1021/ci025584y},
    volume = {43},
    year = {2003}
}